%YAML 1.1
%TAG !u! tag:unity3d.com,2011:
--- !u!29 &1
OcclusionCullingSettings:
  m_ObjectHideFlags: 0
  serializedVersion: 2
  m_OcclusionBakeSettings:
    smallestOccluder: 5
    smallestHole: 0.25
    backfaceThreshold: 100
  m_SceneGUID: 00000000000000000000000000000000
  m_OcclusionCullingData: {fileID: 0}
--- !u!104 &2
RenderSettings:
  m_ObjectHideFlags: 0
  serializedVersion: 9
  m_Fog: 0
  m_FogColor: {r: 0.5, g: 0.5, b: 0.5, a: 1}
  m_FogMode: 3
  m_FogDensity: 0.01
  m_LinearFogStart: 0
  m_LinearFogEnd: 300
  m_AmbientSkyColor: {r: 0.212, g: 0.227, b: 0.259, a: 1}
  m_AmbientEquatorColor: {r: 0.114, g: 0.125, b: 0.133, a: 1}
  m_AmbientGroundColor: {r: 0.047, g: 0.043, b: 0.035, a: 1}
  m_AmbientIntensity: 1
  m_AmbientMode: 3
  m_SubtractiveShadowColor: {r: 0.42, g: 0.478, b: 0.627, a: 1}
  m_SkyboxMaterial: {fileID: 0}
  m_HaloStrength: 0.5
  m_FlareStrength: 1
  m_FlareFadeSpeed: 3
  m_HaloTexture: {fileID: 0}
  m_SpotCookie: {fileID: 10001, guid: 0000000000000000e000000000000000, type: 0}
  m_DefaultReflectionMode: 0
  m_DefaultReflectionResolution: 128
  m_ReflectionBounces: 1
  m_ReflectionIntensity: 1
  m_CustomReflection: {fileID: 0}
  m_Sun: {fileID: 0}
  m_IndirectSpecularColor: {r: 0, g: 0, b: 0, a: 1}
  m_UseRadianceAmbientProbe: 0
--- !u!157 &3
LightmapSettings:
  m_ObjectHideFlags: 0
  serializedVersion: 12
  m_GIWorkflowMode: 1
  m_GISettings:
    serializedVersion: 2
    m_BounceScale: 1
    m_IndirectOutputScale: 1
    m_AlbedoBoost: 1
    m_EnvironmentLightingMode: 0
    m_EnableBakedLightmaps: 0
    m_EnableRealtimeLightmaps: 0
  m_LightmapEditorSettings:
    serializedVersion: 12
    m_Resolution: 2
    m_BakeResolution: 40
    m_AtlasSize: 1024
    m_AO: 0
    m_AOMaxDistance: 1
    m_CompAOExponent: 1
    m_CompAOExponentDirect: 0
    m_ExtractAmbientOcclusion: 0
    m_Padding: 2
    m_LightmapParameters: {fileID: 0}
    m_LightmapsBakeMode: 1
    m_TextureCompression: 1
    m_FinalGather: 0
    m_FinalGatherFiltering: 1
    m_FinalGatherRayCount: 256
    m_ReflectionCompression: 2
    m_MixedBakeMode: 1
    m_BakeBackend: 0
    m_PVRSampling: 1
    m_PVRDirectSampleCount: 32
    m_PVRSampleCount: 512
    m_PVRBounces: 2
    m_PVREnvironmentSampleCount: 512
    m_PVREnvironmentReferencePointCount: 2048
    m_PVRFilteringMode: 0
    m_PVRDenoiserTypeDirect: 0
    m_PVRDenoiserTypeIndirect: 0
    m_PVRDenoiserTypeAO: 0
    m_PVRFilterTypeDirect: 0
    m_PVRFilterTypeIndirect: 0
    m_PVRFilterTypeAO: 0
    m_PVREnvironmentMIS: 0
    m_PVRCulling: 1
    m_PVRFilteringGaussRadiusDirect: 1
    m_PVRFilteringGaussRadiusIndirect: 5
    m_PVRFilteringGaussRadiusAO: 2
    m_PVRFilteringAtrousPositionSigmaDirect: 0.5
    m_PVRFilteringAtrousPositionSigmaIndirect: 2
    m_PVRFilteringAtrousPositionSigmaAO: 1
    m_ExportTrainingData: 0
    m_TrainingDataDestination: TrainingData
    m_LightProbeSampleCountMultiplier: 4
  m_LightingDataAsset: {fileID: 0}
  m_LightingSettings: {fileID: 4890085278179872738, guid: ab8a456e928850e40be1b695e9b53505, type: 2}
--- !u!196 &4
NavMeshSettings:
  serializedVersion: 2
  m_ObjectHideFlags: 0
  m_BuildSettings:
    serializedVersion: 3
    agentTypeID: 0
    agentRadius: 0.5
    agentHeight: 2
    agentSlope: 45
    agentClimb: 0.4
    ledgeDropHeight: 0
    maxJumpAcrossDistance: 0
    minRegionArea: 2
    manualCellSize: 0
    cellSize: 0.16666667
    manualTileSize: 0
    tileSize: 256
    buildHeightMesh: 0
    maxJobWorkers: 0
    preserveTilesOutsideBounds: 0
    debug:
      m_Flags: 0
  m_NavMeshData: {fileID: 0}
--- !u!4 &482663402 stripped
Transform:
  m_CorrespondingSourceObject: {fileID: 3659546564383029695, guid: 1793f563588dfdf4b912f76eea02b212, type: 3}
  m_PrefabInstance: {fileID: 822623710}
  m_PrefabAsset: {fileID: 0}
--- !u!1 &684050100
GameObject:
  m_ObjectHideFlags: 0
  m_CorrespondingSourceObject: {fileID: 0}
  m_PrefabInstance: {fileID: 0}
  m_PrefabAsset: {fileID: 0}
  serializedVersion: 6
  m_Component:
  - component: {fileID: 684050102}
  - component: {fileID: 684050103}
  - component: {fileID: 684050101}
  m_Layer: 0
  m_Name: SpawnerForFlying
  m_TagString: Untagged
  m_Icon: {fileID: 5721338939258241955, guid: 0000000000000000d000000000000000, type: 0}
  m_NavMeshLayer: 0
  m_StaticEditorFlags: 0
  m_IsActive: 1
--- !u!114 &684050101
MonoBehaviour:
  m_ObjectHideFlags: 0
  m_CorrespondingSourceObject: {fileID: 0}
  m_PrefabInstance: {fileID: 0}
  m_PrefabAsset: {fileID: 0}
  m_GameObject: {fileID: 684050100}
  m_Enabled: 1
  m_EditorHideFlags: 0
  m_Script: {fileID: 11500000, guid: 52977ae25d9f66b48a012d44e3f375d9, type: 3}
  m_Name: 
  m_EditorClassIdentifier: 
  enemyTowerTransform: {fileID: 482663402}
  unitDictionary: {fileID: 0}
  playerLayers: {fileID: 0}
--- !u!4 &684050102
Transform:
  m_ObjectHideFlags: 0
  m_CorrespondingSourceObject: {fileID: 0}
  m_PrefabInstance: {fileID: 0}
  m_PrefabAsset: {fileID: 0}
  m_GameObject: {fileID: 684050100}
  serializedVersion: 2
  m_LocalRotation: {x: 0, y: 0, z: 0, w: 1}
  m_LocalPosition: {x: -59.3, y: 32.1, z: 0}
  m_LocalScale: {x: 1.0265, y: 1.0265, z: 1.0265}
  m_ConstrainProportionsScale: 0
  m_Children: []
  m_Father: {fileID: 0}
  m_LocalEulerAnglesHint: {x: 0, y: 0, z: 0}
--- !u!114 &684050103
MonoBehaviour:
  m_ObjectHideFlags: 0
  m_CorrespondingSourceObject: {fileID: 0}
  m_PrefabInstance: {fileID: 0}
  m_PrefabAsset: {fileID: 0}
  m_GameObject: {fileID: 684050100}
  m_Enabled: 1
  m_EditorHideFlags: 0
  m_Script: {fileID: 11500000, guid: d5a57f767e5e46a458fc5d3c628d0cbb, type: 3}
  m_Name: 
  m_EditorClassIdentifier: 
  GlobalObjectIdHash: 2135191031
  AlwaysReplicateAsRoot: 0
  SynchronizeTransform: 1
  ActiveSceneSynchronization: 0
  SceneMigrationSynchronization: 1
  SpawnWithObservers: 1
  DontDestroyWithOwner: 0
  AutoObjectParentSync: 1
--- !u!1001 &822623710
PrefabInstance:
  m_ObjectHideFlags: 0
  serializedVersion: 2
  m_Modification:
    serializedVersion: 3
    m_TransformParent: {fileID: 0}
    m_Modifications:
    - target: {fileID: 3288280028363526021, guid: 1793f563588dfdf4b912f76eea02b212, type: 3}
      propertyPath: m_AnchorMax.x
      value: 0
      objectReference: {fileID: 0}
    - target: {fileID: 3288280028363526021, guid: 1793f563588dfdf4b912f76eea02b212, type: 3}
      propertyPath: m_AnchorMax.y
      value: 0
      objectReference: {fileID: 0}
    - target: {fileID: 3659546564383029695, guid: 1793f563588dfdf4b912f76eea02b212, type: 3}
      propertyPath: m_LocalPosition.x
      value: 74.3
      objectReference: {fileID: 0}
    - target: {fileID: 3659546564383029695, guid: 1793f563588dfdf4b912f76eea02b212, type: 3}
      propertyPath: m_LocalPosition.y
      value: 11.719999
      objectReference: {fileID: 0}
    - target: {fileID: 3659546564383029695, guid: 1793f563588dfdf4b912f76eea02b212, type: 3}
      propertyPath: m_LocalPosition.z
      value: -95.478
      objectReference: {fileID: 0}
    - target: {fileID: 3659546564383029695, guid: 1793f563588dfdf4b912f76eea02b212, type: 3}
      propertyPath: m_LocalRotation.w
      value: 1
      objectReference: {fileID: 0}
    - target: {fileID: 3659546564383029695, guid: 1793f563588dfdf4b912f76eea02b212, type: 3}
      propertyPath: m_LocalRotation.x
      value: 0
      objectReference: {fileID: 0}
    - target: {fileID: 3659546564383029695, guid: 1793f563588dfdf4b912f76eea02b212, type: 3}
      propertyPath: m_LocalRotation.y
      value: 0
      objectReference: {fileID: 0}
    - target: {fileID: 3659546564383029695, guid: 1793f563588dfdf4b912f76eea02b212, type: 3}
      propertyPath: m_LocalRotation.z
      value: 0
      objectReference: {fileID: 0}
    - target: {fileID: 3659546564383029695, guid: 1793f563588dfdf4b912f76eea02b212, type: 3}
      propertyPath: m_LocalEulerAnglesHint.x
      value: 0
      objectReference: {fileID: 0}
    - target: {fileID: 3659546564383029695, guid: 1793f563588dfdf4b912f76eea02b212, type: 3}
      propertyPath: m_LocalEulerAnglesHint.y
      value: 0
      objectReference: {fileID: 0}
    - target: {fileID: 3659546564383029695, guid: 1793f563588dfdf4b912f76eea02b212, type: 3}
      propertyPath: m_LocalEulerAnglesHint.z
      value: 0
      objectReference: {fileID: 0}
    - target: {fileID: 6067166586249464055, guid: 1793f563588dfdf4b912f76eea02b212, type: 3}
      propertyPath: m_Name
      value: EnemyTower
      objectReference: {fileID: 0}
    - target: {fileID: 8783993786004985426, guid: 1793f563588dfdf4b912f76eea02b212, type: 3}
      propertyPath: GlobalObjectIdHash
      value: 814038301
      objectReference: {fileID: 0}
    - target: {fileID: 8783993786004985426, guid: 1793f563588dfdf4b912f76eea02b212, type: 3}
      propertyPath: GlobalObjectIdHash
      value: 3917857205
      objectReference: {fileID: 0}
    m_RemovedComponents: []
    m_RemovedGameObjects: []
    m_AddedGameObjects: []
    m_AddedComponents: []
  m_SourcePrefab: {fileID: 100100000, guid: 1793f563588dfdf4b912f76eea02b212, type: 3}
--- !u!1 &1005640600
GameObject:
  m_ObjectHideFlags: 0
  m_CorrespondingSourceObject: {fileID: 0}
  m_PrefabInstance: {fileID: 0}
  m_PrefabAsset: {fileID: 0}
  serializedVersion: 6
  m_Component:
  - component: {fileID: 1005640604}
  - component: {fileID: 1005640603}
  - component: {fileID: 1005640602}
  m_Layer: 0
  m_Name: NetworkManagerObject
  m_TagString: Untagged
  m_Icon: {fileID: 0}
  m_NavMeshLayer: 0
  m_StaticEditorFlags: 0
  m_IsActive: 1
--- !u!114 &1005640602
MonoBehaviour:
  m_ObjectHideFlags: 0
  m_CorrespondingSourceObject: {fileID: 0}
  m_PrefabInstance: {fileID: 0}
  m_PrefabAsset: {fileID: 0}
  m_GameObject: {fileID: 1005640600}
  m_Enabled: 1
  m_EditorHideFlags: 0
  m_Script: {fileID: 11500000, guid: 6960e84d07fb87f47956e7a81d71c4e6, type: 3}
  m_Name: 
  m_EditorClassIdentifier: 
  m_ProtocolType: 0
  m_UseWebSockets: 0
  m_UseEncryption: 0
  m_MaxPacketQueueSize: 128
  m_MaxPayloadSize: 13509
  m_HeartbeatTimeoutMS: 500
  m_ConnectTimeoutMS: 1000
  m_MaxConnectAttempts: 60
  m_DisconnectTimeoutMS: 30000
  ConnectionData:
    Address: 127.0.0.1
    Port: 7777
    ServerListenAddress: 0.0.0.0
  DebugSimulator:
    PacketDelayMS: 0
    PacketJitterMS: 0
    PacketDropRate: 0
--- !u!114 &1005640603
MonoBehaviour:
  m_ObjectHideFlags: 0
  m_CorrespondingSourceObject: {fileID: 0}
  m_PrefabInstance: {fileID: 0}
  m_PrefabAsset: {fileID: 0}
  m_GameObject: {fileID: 1005640600}
  m_Enabled: 1
  m_EditorHideFlags: 0
  m_Script: {fileID: 11500000, guid: 593a2fe42fa9d37498c96f9a383b6521, type: 3}
  m_Name: 
  m_EditorClassIdentifier: 
  NetworkConfig:
    ProtocolVersion: 0
    NetworkTransport: {fileID: 1005640602}
    PlayerPrefab: {fileID: 0}
    Prefabs:
      NetworkPrefabsLists:
      - {fileID: 11400000, guid: 440df344fb0b6472b8a13ccd4ddb096b, type: 2}
    TickRate: 30
    ClientConnectionBufferTimeout: 10
    ConnectionApproval: 0
    ConnectionData: 
    EnableTimeResync: 0
    TimeResyncInterval: 30
    EnsureNetworkVariableLengthSafety: 0
    EnableSceneManagement: 1
    ForceSamePrefabs: 1
    RecycleNetworkIds: 1
    NetworkIdRecycleDelay: 120
    RpcHashSize: 0
    LoadSceneTimeOut: 120
    SpawnTimeout: 1
    EnableNetworkLogs: 1
    OldPrefabList: []
  RunInBackground: 1
  LogLevel: 1
--- !u!4 &1005640604
Transform:
  m_ObjectHideFlags: 0
  m_CorrespondingSourceObject: {fileID: 0}
  m_PrefabInstance: {fileID: 0}
  m_PrefabAsset: {fileID: 0}
  m_GameObject: {fileID: 1005640600}
  serializedVersion: 2
  m_LocalRotation: {x: 0, y: 0, z: 0, w: 1}
  m_LocalPosition: {x: 0, y: 0, z: 0}
  m_LocalScale: {x: 1, y: 1, z: 1}
  m_ConstrainProportionsScale: 0
  m_Children: []
  m_Father: {fileID: 0}
  m_LocalEulerAnglesHint: {x: 0, y: 0, z: 0}
--- !u!1 &1023826484
GameObject:
  m_ObjectHideFlags: 0
  m_CorrespondingSourceObject: {fileID: 0}
  m_PrefabInstance: {fileID: 0}
  m_PrefabAsset: {fileID: 0}
  serializedVersion: 6
  m_Component:
  - component: {fileID: 1023826486}
  - component: {fileID: 1023826487}
  - component: {fileID: 1023826485}
  m_Layer: 0
  m_Name: SpawnerForWalking
  m_TagString: Untagged
  m_Icon: {fileID: 5721338939258241955, guid: 0000000000000000d000000000000000, type: 0}
  m_NavMeshLayer: 0
  m_StaticEditorFlags: 0
  m_IsActive: 1
--- !u!114 &1023826485
MonoBehaviour:
  m_ObjectHideFlags: 0
  m_CorrespondingSourceObject: {fileID: 0}
  m_PrefabInstance: {fileID: 0}
  m_PrefabAsset: {fileID: 0}
  m_GameObject: {fileID: 1023826484}
  m_Enabled: 1
  m_EditorHideFlags: 0
  m_Script: {fileID: 11500000, guid: 52977ae25d9f66b48a012d44e3f375d9, type: 3}
  m_Name: 
  m_EditorClassIdentifier: 
  enemyTowerTransform: {fileID: 482663402}
  unitDictionary: {fileID: 0}
  playerLayers: {fileID: 0}
--- !u!4 &1023826486
Transform:
  m_ObjectHideFlags: 0
  m_CorrespondingSourceObject: {fileID: 0}
  m_PrefabInstance: {fileID: 0}
  m_PrefabAsset: {fileID: 0}
  m_GameObject: {fileID: 1023826484}
  serializedVersion: 2
  m_LocalRotation: {x: 0, y: 0, z: 0, w: 1}
  m_LocalPosition: {x: -59.3, y: 12.62, z: 0}
  m_LocalScale: {x: 1.0265, y: 1.0265, z: 1.0265}
  m_ConstrainProportionsScale: 0
  m_Children: []
  m_Father: {fileID: 0}
  m_LocalEulerAnglesHint: {x: 0, y: 0, z: 0}
--- !u!114 &1023826487
MonoBehaviour:
  m_ObjectHideFlags: 0
  m_CorrespondingSourceObject: {fileID: 0}
  m_PrefabInstance: {fileID: 0}
  m_PrefabAsset: {fileID: 0}
  m_GameObject: {fileID: 1023826484}
  m_Enabled: 1
  m_EditorHideFlags: 0
  m_Script: {fileID: 11500000, guid: d5a57f767e5e46a458fc5d3c628d0cbb, type: 3}
  m_Name: 
  m_EditorClassIdentifier: 
  GlobalObjectIdHash: 2097803477
  AlwaysReplicateAsRoot: 0
  SynchronizeTransform: 1
  ActiveSceneSynchronization: 0
  SceneMigrationSynchronization: 1
  SpawnWithObservers: 1
  DontDestroyWithOwner: 0
  AutoObjectParentSync: 1
--- !u!1 &1102750084
GameObject:
  m_ObjectHideFlags: 0
  m_CorrespondingSourceObject: {fileID: 0}
  m_PrefabInstance: {fileID: 0}
  m_PrefabAsset: {fileID: 0}
  serializedVersion: 6
  m_Component:
  - component: {fileID: 1102750088}
  - component: {fileID: 1102750087}
  - component: {fileID: 1102750086}
  - component: {fileID: 1102750085}
  m_Layer: 0
  m_Name: Camera
  m_TagString: Untagged
  m_Icon: {fileID: 0}
  m_NavMeshLayer: 0
  m_StaticEditorFlags: 0
  m_IsActive: 1
--- !u!81 &1102750085
AudioListener:
  m_ObjectHideFlags: 0
  m_CorrespondingSourceObject: {fileID: 0}
  m_PrefabInstance: {fileID: 0}
  m_PrefabAsset: {fileID: 0}
  m_GameObject: {fileID: 1102750084}
  m_Enabled: 1
--- !u!124 &1102750086
Behaviour:
  m_ObjectHideFlags: 0
  m_CorrespondingSourceObject: {fileID: 0}
  m_PrefabInstance: {fileID: 0}
  m_PrefabAsset: {fileID: 0}
  m_GameObject: {fileID: 1102750084}
  m_Enabled: 1
--- !u!20 &1102750087
Camera:
  m_ObjectHideFlags: 0
  m_CorrespondingSourceObject: {fileID: 0}
  m_PrefabInstance: {fileID: 0}
  m_PrefabAsset: {fileID: 0}
  m_GameObject: {fileID: 1102750084}
  m_Enabled: 1
  serializedVersion: 2
  m_ClearFlags: 1
  m_BackGroundColor: {r: 0.7058823, g: 0.9634889, b: 1, a: 0}
  m_projectionMatrixMode: 1
  m_GateFitMode: 2
  m_FOVAxisMode: 0
  m_Iso: 200
  m_ShutterSpeed: 0.005
  m_Aperture: 16
  m_FocusDistance: 10
  m_FocalLength: 50
  m_BladeCount: 5
  m_Curvature: {x: 2, y: 11}
  m_BarrelClipping: 0.25
  m_Anamorphism: 0
  m_SensorSize: {x: 36, y: 24}
  m_LensShift: {x: 0, y: 0}
  m_NormalizedViewPortRect:
    serializedVersion: 2
    x: 0
    y: 0
    width: 1
    height: 1
  near clip plane: 0.01
  far clip plane: 1002.06
  field of view: 19
  orthographic: 1
  orthographic size: 54.028385
  m_Depth: 0
  m_CullingMask:
    serializedVersion: 2
    m_Bits: 4294967295
  m_RenderingPath: -1
  m_TargetTexture: {fileID: 0}
  m_TargetDisplay: 0
  m_TargetEye: 3
  m_HDR: 0
  m_AllowMSAA: 1
  m_AllowDynamicResolution: 0
  m_ForceIntoRT: 0
  m_OcclusionCulling: 1
  m_StereoConvergence: 10
  m_StereoSeparation: 0.022
--- !u!4 &1102750088
Transform:
  m_ObjectHideFlags: 0
  m_CorrespondingSourceObject: {fileID: 0}
  m_PrefabInstance: {fileID: 0}
  m_PrefabAsset: {fileID: 0}
  m_GameObject: {fileID: 1102750084}
  serializedVersion: 2
  m_LocalRotation: {x: 0, y: 0, z: 0, w: 1}
  m_LocalPosition: {x: 0, y: 18.5, z: -313.8}
  m_LocalScale: {x: 1, y: 1, z: 1}
  m_ConstrainProportionsScale: 0
  m_Children: []
  m_Father: {fileID: 0}
  m_LocalEulerAnglesHint: {x: 0, y: 0, z: 0}
--- !u!1 &1139252704 stripped
GameObject:
  m_CorrespondingSourceObject: {fileID: 4086611858346328442, guid: 496eaf674c97a1448af567b1df8ee05d, type: 3}
  m_PrefabInstance: {fileID: 455018596369201401}
  m_PrefabAsset: {fileID: 0}
--- !u!224 &1139252705 stripped
RectTransform:
  m_CorrespondingSourceObject: {fileID: 6132633869968333801, guid: 496eaf674c97a1448af567b1df8ee05d, type: 3}
  m_PrefabInstance: {fileID: 455018596369201401}
  m_PrefabAsset: {fileID: 0}
--- !u!1001 &1140013473
PrefabInstance:
  m_ObjectHideFlags: 0
  serializedVersion: 2
  m_Modification:
    serializedVersion: 3
    m_TransformParent: {fileID: 0}
    m_Modifications:
    - target: {fileID: 3288280028363526021, guid: 1793f563588dfdf4b912f76eea02b212, type: 3}
      propertyPath: m_AnchorMax.x
      value: 0
      objectReference: {fileID: 0}
    - target: {fileID: 3288280028363526021, guid: 1793f563588dfdf4b912f76eea02b212, type: 3}
      propertyPath: m_AnchorMax.y
      value: 0
      objectReference: {fileID: 0}
    - target: {fileID: 3659546564383029695, guid: 1793f563588dfdf4b912f76eea02b212, type: 3}
      propertyPath: m_LocalPosition.x
      value: -66.01
      objectReference: {fileID: 0}
    - target: {fileID: 3659546564383029695, guid: 1793f563588dfdf4b912f76eea02b212, type: 3}
      propertyPath: m_LocalPosition.y
      value: 11.719999
      objectReference: {fileID: 0}
    - target: {fileID: 3659546564383029695, guid: 1793f563588dfdf4b912f76eea02b212, type: 3}
      propertyPath: m_LocalPosition.z
      value: -95.478
      objectReference: {fileID: 0}
    - target: {fileID: 3659546564383029695, guid: 1793f563588dfdf4b912f76eea02b212, type: 3}
      propertyPath: m_LocalRotation.w
      value: 1
      objectReference: {fileID: 0}
    - target: {fileID: 3659546564383029695, guid: 1793f563588dfdf4b912f76eea02b212, type: 3}
      propertyPath: m_LocalRotation.x
      value: 0
      objectReference: {fileID: 0}
    - target: {fileID: 3659546564383029695, guid: 1793f563588dfdf4b912f76eea02b212, type: 3}
      propertyPath: m_LocalRotation.y
      value: 0
      objectReference: {fileID: 0}
    - target: {fileID: 3659546564383029695, guid: 1793f563588dfdf4b912f76eea02b212, type: 3}
      propertyPath: m_LocalRotation.z
      value: 0
      objectReference: {fileID: 0}
    - target: {fileID: 3659546564383029695, guid: 1793f563588dfdf4b912f76eea02b212, type: 3}
      propertyPath: m_LocalEulerAnglesHint.x
      value: 0
      objectReference: {fileID: 0}
    - target: {fileID: 3659546564383029695, guid: 1793f563588dfdf4b912f76eea02b212, type: 3}
      propertyPath: m_LocalEulerAnglesHint.y
      value: 0
      objectReference: {fileID: 0}
    - target: {fileID: 3659546564383029695, guid: 1793f563588dfdf4b912f76eea02b212, type: 3}
      propertyPath: m_LocalEulerAnglesHint.z
      value: 0
      objectReference: {fileID: 0}
    - target: {fileID: 6067166586249464055, guid: 1793f563588dfdf4b912f76eea02b212, type: 3}
      propertyPath: m_Name
      value: PlayerTower
      objectReference: {fileID: 0}
    - target: {fileID: 8783993786004985426, guid: 1793f563588dfdf4b912f76eea02b212, type: 3}
      propertyPath: GlobalObjectIdHash
      value: 2267807129
      objectReference: {fileID: 0}
    - target: {fileID: 8783993786004985426, guid: 1793f563588dfdf4b912f76eea02b212, type: 3}
      propertyPath: GlobalObjectIdHash
      value: 4065849224
      objectReference: {fileID: 0}
    m_RemovedComponents: []
    m_RemovedGameObjects: []
    m_AddedGameObjects: []
    m_AddedComponents: []
  m_SourcePrefab: {fileID: 100100000, guid: 1793f563588dfdf4b912f76eea02b212, type: 3}
--- !u!21 &1198100297
Material:
  serializedVersion: 8
  m_ObjectHideFlags: 0
  m_CorrespondingSourceObject: {fileID: 0}
  m_PrefabInstance: {fileID: 0}
  m_PrefabAsset: {fileID: 0}
  m_Name: UI/RoundedCorners/RoundedCorners
  m_Shader: {fileID: 4800000, guid: 0bd2ec5d73751e34a814274a454bec41, type: 3}
  m_Parent: {fileID: 0}
  m_ModifiedSerializedProperties: 0
  m_ValidKeywords: []
  m_InvalidKeywords: []
  m_LightmapFlags: 4
  m_EnableInstancingVariants: 0
  m_DoubleSidedGI: 0
  m_CustomRenderQueue: -1
  stringTagMap: {}
  disabledShaderPasses: []
  m_LockedProperties: 
  m_SavedProperties:
    serializedVersion: 3
    m_TexEnvs:
    - _MainTex:
        m_Texture: {fileID: 0}
        m_Scale: {x: 1, y: 1}
        m_Offset: {x: 0, y: 0}
    m_Ints: []
    m_Floats:
    - _ColorMask: 15
    - _Stencil: 0
    - _StencilComp: 8
    - _StencilOp: 0
    - _StencilReadMask: 255
    - _StencilWriteMask: 255
    - _UseUIAlphaClip: 0
    m_Colors:
    - _WidthHeightRadius: {r: 446.1144, g: 120.43289, b: 35.74, a: 0}
  m_BuildTextureStacks: []
--- !u!114 &1234502042 stripped
MonoBehaviour:
  m_CorrespondingSourceObject: {fileID: 671427997651283162, guid: 1793f563588dfdf4b912f76eea02b212, type: 3}
  m_PrefabInstance: {fileID: 1140013473}
  m_PrefabAsset: {fileID: 0}
  m_GameObject: {fileID: 0}
  m_Enabled: 1
  m_EditorHideFlags: 0
  m_Script: {fileID: 11500000, guid: 810909f44f834698b26b272a2e63c97c, type: 3}
  m_Name: 
  m_EditorClassIdentifier: 
--- !u!21 &1334774318
Material:
  serializedVersion: 8
  m_ObjectHideFlags: 0
  m_CorrespondingSourceObject: {fileID: 0}
  m_PrefabInstance: {fileID: 0}
  m_PrefabAsset: {fileID: 0}
  m_Name: UI/RoundedCorners/RoundedCorners
  m_Shader: {fileID: 4800000, guid: 0bd2ec5d73751e34a814274a454bec41, type: 3}
  m_Parent: {fileID: 0}
  m_ModifiedSerializedProperties: 0
  m_ValidKeywords: []
  m_InvalidKeywords: []
  m_LightmapFlags: 4
  m_EnableInstancingVariants: 0
  m_DoubleSidedGI: 0
  m_CustomRenderQueue: -1
  stringTagMap: {}
  disabledShaderPasses: []
  m_LockedProperties: 
  m_SavedProperties:
    serializedVersion: 3
    m_TexEnvs:
    - _MainTex:
        m_Texture: {fileID: 0}
        m_Scale: {x: 1, y: 1}
        m_Offset: {x: 0, y: 0}
    m_Ints: []
    m_Floats:
    - _ColorMask: 15
    - _Stencil: 0
    - _StencilComp: 8
    - _StencilOp: 0
    - _StencilReadMask: 255
    - _StencilWriteMask: 255
    - _UseUIAlphaClip: 0
    m_Colors:
    - _WidthHeightRadius: {r: 446.1144, g: 120.43289, b: 35.74, a: 0}
  m_BuildTextureStacks: []
--- !u!114 &1476167705 stripped
MonoBehaviour:
  m_CorrespondingSourceObject: {fileID: 671427997651283162, guid: 1793f563588dfdf4b912f76eea02b212, type: 3}
  m_PrefabInstance: {fileID: 822623710}
  m_PrefabAsset: {fileID: 0}
  m_GameObject: {fileID: 0}
  m_Enabled: 1
  m_EditorHideFlags: 0
  m_Script: {fileID: 11500000, guid: 810909f44f834698b26b272a2e63c97c, type: 3}
  m_Name: 
  m_EditorClassIdentifier: 
--- !u!1 &1490286269
GameObject:
  m_ObjectHideFlags: 0
  m_CorrespondingSourceObject: {fileID: 0}
  m_PrefabInstance: {fileID: 0}
  m_PrefabAsset: {fileID: 0}
  serializedVersion: 6
  m_Component:
  - component: {fileID: 1490286272}
  - component: {fileID: 1490286271}
  - component: {fileID: 1490286270}
  m_Layer: 0
  m_Name: EventSystem
  m_TagString: Untagged
  m_Icon: {fileID: 0}
  m_NavMeshLayer: 0
  m_StaticEditorFlags: 0
  m_IsActive: 1
--- !u!114 &1490286270
MonoBehaviour:
  m_ObjectHideFlags: 0
  m_CorrespondingSourceObject: {fileID: 0}
  m_PrefabInstance: {fileID: 0}
  m_PrefabAsset: {fileID: 0}
  m_GameObject: {fileID: 1490286269}
  m_Enabled: 1
  m_EditorHideFlags: 0
  m_Script: {fileID: 11500000, guid: 4f231c4fb786f3946a6b90b886c48677, type: 3}
  m_Name: 
  m_EditorClassIdentifier: 
  m_SendPointerHoverToParent: 1
  m_HorizontalAxis: Horizontal
  m_VerticalAxis: Vertical
  m_SubmitButton: Submit
  m_CancelButton: Cancel
  m_InputActionsPerSecond: 10
  m_RepeatDelay: 0.5
  m_ForceModuleActive: 0
--- !u!114 &1490286271
MonoBehaviour:
  m_ObjectHideFlags: 0
  m_CorrespondingSourceObject: {fileID: 0}
  m_PrefabInstance: {fileID: 0}
  m_PrefabAsset: {fileID: 0}
  m_GameObject: {fileID: 1490286269}
  m_Enabled: 1
  m_EditorHideFlags: 0
  m_Script: {fileID: 11500000, guid: 76c392e42b5098c458856cdf6ecaaaa1, type: 3}
  m_Name: 
  m_EditorClassIdentifier: 
  m_FirstSelected: {fileID: 0}
  m_sendNavigationEvents: 1
  m_DragThreshold: 10
--- !u!4 &1490286272
Transform:
  m_ObjectHideFlags: 0
  m_CorrespondingSourceObject: {fileID: 0}
  m_PrefabInstance: {fileID: 0}
  m_PrefabAsset: {fileID: 0}
  m_GameObject: {fileID: 1490286269}
  serializedVersion: 2
  m_LocalRotation: {x: 0, y: 0, z: 0, w: 1}
  m_LocalPosition: {x: 0, y: 0, z: 0}
  m_LocalScale: {x: 1, y: 1, z: 1}
  m_ConstrainProportionsScale: 0
  m_Children: []
  m_Father: {fileID: 0}
  m_LocalEulerAnglesHint: {x: 0, y: 0, z: 0}
--- !u!1 &1533007092 stripped
GameObject:
  m_CorrespondingSourceObject: {fileID: 7855758801259456081, guid: 61899a392687e3f43aff84ec03924223, type: 3}
  m_PrefabInstance: {fileID: 1757202505}
  m_PrefabAsset: {fileID: 0}
--- !u!114 &1533007094
MonoBehaviour:
  m_ObjectHideFlags: 0
  m_CorrespondingSourceObject: {fileID: 0}
  m_PrefabInstance: {fileID: 0}
  m_PrefabAsset: {fileID: 0}
  m_Name: UI/RoundedCorners/RoundedCorners
  m_Shader: {fileID: 4800000, guid: 0bd2ec5d73751e34a814274a454bec41, type: 3}
  m_Parent: {fileID: 0}
  m_ModifiedSerializedProperties: 0
  m_ValidKeywords: []
  m_InvalidKeywords: []
  m_LightmapFlags: 4
  m_EnableInstancingVariants: 0
  m_DoubleSidedGI: 0
  m_CustomRenderQueue: -1
  stringTagMap: {}
  disabledShaderPasses: []
  m_LockedProperties: 
  m_SavedProperties:
    serializedVersion: 3
    m_TexEnvs:
    - _MainTex:
        m_Texture: {fileID: 0}
        m_Scale: {x: 1, y: 1}
        m_Offset: {x: 0, y: 0}
    m_Ints: []
    m_Floats:
    - _ColorMask: 15
    - _Stencil: 0
    - _StencilComp: 8
    - _StencilOp: 0
    - _StencilReadMask: 255
    - _StencilWriteMask: 255
    - _UseUIAlphaClip: 0
    m_Colors:
    - _WidthHeightRadius: {r: 446.1144, g: 120.43289, b: 35.74, a: 0}
  m_BuildTextureStacks: []
--- !u!114 &1755127455 stripped
MonoBehaviour:
  m_CorrespondingSourceObject: {fileID: 8128466510934466363, guid: 5a07ccd06e119984aa86bf271292b18b, type: 3}
  m_PrefabInstance: {fileID: 8871371269478319738}
  m_PrefabAsset: {fileID: 0}
  m_GameObject: {fileID: 0}
  m_Enabled: 1
  m_EditorHideFlags: 0
  m_Script: {fileID: 11500000, guid: 1362100454bc9874a9fdbe29211f690e, type: 3}
  m_Name: 
  m_EditorClassIdentifier: 
  buttonImage: {fileID: 0}
  OnButtonClick:
    m_PersistentCalls:
      m_Calls: []
--- !u!114 &1716947473 stripped
MonoBehaviour:
  m_CorrespondingSourceObject: {fileID: 5400324761426781856, guid: b2eb0685eb110e146804c328eb8df6d7, type: 3}
  m_PrefabInstance: {fileID: 8290318292258487971}
  m_PrefabAsset: {fileID: 0}
  m_GameObject: {fileID: 0}
  m_Enabled: 1
  m_EditorHideFlags: 0
  m_Script: {fileID: 11500000, guid: 4a184360838a28742ba9d5613876fcbd, type: 3}
  m_Name: 
  m_EditorClassIdentifier: 
--- !u!1001 &1757202505
PrefabInstance:
  m_ObjectHideFlags: 0
  serializedVersion: 2
  m_Modification:
    serializedVersion: 3
    m_TransformParent: {fileID: 0}
    m_Modifications:
    - target: {fileID: 405813990934521920, guid: 61899a392687e3f43aff84ec03924223, type: 3}
      propertyPath: m_Name
      value: PlayerActions_Canvas
      objectReference: {fileID: 0}
    - target: {fileID: 751269554321408897, guid: 61899a392687e3f43aff84ec03924223, type: 3}
      propertyPath: m_AnchorMax.y
      value: 0
      objectReference: {fileID: 0}
    - target: {fileID: 751269554321408897, guid: 61899a392687e3f43aff84ec03924223, type: 3}
      propertyPath: m_AnchorMin.y
      value: 0
      objectReference: {fileID: 0}
    - target: {fileID: 751269554321408897, guid: 61899a392687e3f43aff84ec03924223, type: 3}
      propertyPath: m_SizeDelta.x
      value: 0
      objectReference: {fileID: 0}
    - target: {fileID: 751269554321408897, guid: 61899a392687e3f43aff84ec03924223, type: 3}
      propertyPath: m_SizeDelta.y
      value: 0
      objectReference: {fileID: 0}
    - target: {fileID: 751269554321408897, guid: 61899a392687e3f43aff84ec03924223, type: 3}
      propertyPath: m_AnchoredPosition.x
      value: 0
      objectReference: {fileID: 0}
    - target: {fileID: 751269554321408897, guid: 61899a392687e3f43aff84ec03924223, type: 3}
      propertyPath: m_AnchoredPosition.y
      value: 0
      objectReference: {fileID: 0}
    - target: {fileID: 1022279648637472699, guid: 61899a392687e3f43aff84ec03924223, type: 3}
      propertyPath: m_AnchorMax.y
      value: 0
      objectReference: {fileID: 0}
    - target: {fileID: 1022279648637472699, guid: 61899a392687e3f43aff84ec03924223, type: 3}
      propertyPath: m_AnchorMin.y
      value: 0
      objectReference: {fileID: 0}
    - target: {fileID: 1022279648637472699, guid: 61899a392687e3f43aff84ec03924223, type: 3}
      propertyPath: m_SizeDelta.x
      value: 0
      objectReference: {fileID: 0}
    - target: {fileID: 1022279648637472699, guid: 61899a392687e3f43aff84ec03924223, type: 3}
      propertyPath: m_SizeDelta.y
      value: 0
      objectReference: {fileID: 0}
    - target: {fileID: 1022279648637472699, guid: 61899a392687e3f43aff84ec03924223, type: 3}
      propertyPath: m_AnchoredPosition.x
      value: 0
      objectReference: {fileID: 0}
    - target: {fileID: 1022279648637472699, guid: 61899a392687e3f43aff84ec03924223, type: 3}
      propertyPath: m_AnchoredPosition.y
      value: 0
      objectReference: {fileID: 0}
    - target: {fileID: 1552617237418864731, guid: 61899a392687e3f43aff84ec03924223, type: 3}
      propertyPath: m_OnClick.m_PersistentCalls.m_Calls.Array.data[0].m_Target
      value: 
      objectReference: {fileID: 1023826485}
    - target: {fileID: 3009910683488394181, guid: 61899a392687e3f43aff84ec03924223, type: 3}
      propertyPath: m_OnClick.m_PersistentCalls.m_Calls.Array.data[0].m_Target
      value: 
      objectReference: {fileID: 1023826485}
    - target: {fileID: 4049127235728427148, guid: 61899a392687e3f43aff84ec03924223, type: 3}
      propertyPath: m_OnClick.m_PersistentCalls.m_Calls.Array.data[0].m_Target
      value: 
      objectReference: {fileID: 1023826485}
    - target: {fileID: 4475828022035456372, guid: 61899a392687e3f43aff84ec03924223, type: 3}
      propertyPath: m_AdditionalShaderChannelsFlag
      value: 25
      objectReference: {fileID: 0}
    - target: {fileID: 4653706438240642200, guid: 61899a392687e3f43aff84ec03924223, type: 3}
      propertyPath: m_AnchorMax.y
      value: 0
      objectReference: {fileID: 0}
    - target: {fileID: 4653706438240642200, guid: 61899a392687e3f43aff84ec03924223, type: 3}
      propertyPath: m_AnchorMin.y
      value: 0
      objectReference: {fileID: 0}
    - target: {fileID: 4653706438240642200, guid: 61899a392687e3f43aff84ec03924223, type: 3}
      propertyPath: m_SizeDelta.x
      value: 0
      objectReference: {fileID: 0}
    - target: {fileID: 4653706438240642200, guid: 61899a392687e3f43aff84ec03924223, type: 3}
      propertyPath: m_SizeDelta.y
      value: 0
      objectReference: {fileID: 0}
    - target: {fileID: 4653706438240642200, guid: 61899a392687e3f43aff84ec03924223, type: 3}
      propertyPath: m_AnchoredPosition.x
      value: 0
      objectReference: {fileID: 0}
    - target: {fileID: 4653706438240642200, guid: 61899a392687e3f43aff84ec03924223, type: 3}
      propertyPath: m_AnchoredPosition.y
      value: 0
      objectReference: {fileID: 0}
    - target: {fileID: 5864094960692852689, guid: 61899a392687e3f43aff84ec03924223, type: 3}
      propertyPath: m_AnchorMax.y
      value: 0
      objectReference: {fileID: 0}
    - target: {fileID: 5864094960692852689, guid: 61899a392687e3f43aff84ec03924223, type: 3}
      propertyPath: m_AnchorMin.y
      value: 0
      objectReference: {fileID: 0}
    - target: {fileID: 5864094960692852689, guid: 61899a392687e3f43aff84ec03924223, type: 3}
      propertyPath: m_SizeDelta.x
      value: 0
      objectReference: {fileID: 0}
    - target: {fileID: 5864094960692852689, guid: 61899a392687e3f43aff84ec03924223, type: 3}
      propertyPath: m_SizeDelta.y
      value: 0
      objectReference: {fileID: 0}
    - target: {fileID: 5864094960692852689, guid: 61899a392687e3f43aff84ec03924223, type: 3}
      propertyPath: m_AnchoredPosition.x
      value: 0
      objectReference: {fileID: 0}
    - target: {fileID: 5864094960692852689, guid: 61899a392687e3f43aff84ec03924223, type: 3}
      propertyPath: m_AnchoredPosition.y
      value: 0
      objectReference: {fileID: 0}
    - target: {fileID: 6081048881067184903, guid: 61899a392687e3f43aff84ec03924223, type: 3}
      propertyPath: m_AnchorMax.x
      value: 0.5
      objectReference: {fileID: 0}
    - target: {fileID: 6081048881067184903, guid: 61899a392687e3f43aff84ec03924223, type: 3}
      propertyPath: m_AnchorMin.x
      value: 0.5
      objectReference: {fileID: 0}
    - target: {fileID: 6081048881067184903, guid: 61899a392687e3f43aff84ec03924223, type: 3}
      propertyPath: m_AnchoredPosition.x
      value: -237
      objectReference: {fileID: 0}
    - target: {fileID: 6147297935344344493, guid: 61899a392687e3f43aff84ec03924223, type: 3}
      propertyPath: spawner
      value: 
      objectReference: {fileID: 1013874407}
    - target: {fileID: 6147297935344344493, guid: 61899a392687e3f43aff84ec03924223, type: 3}
      propertyPath: unitsForSpawning.Array.size
      value: 5
      objectReference: {fileID: 0}
    - target: {fileID: 6147297935344344493, guid: 61899a392687e3f43aff84ec03924223, type: 3}
      propertyPath: unitsForSpawning.Array.data[0]
      value: 
      objectReference: {fileID: 11400000, guid: ac9c1df124507a44b9e2e169defbe2f9, type: 2}
    - target: {fileID: 6147297935344344493, guid: 61899a392687e3f43aff84ec03924223, type: 3}
      propertyPath: unitsForSpawning.Array.data[1]
      value: 
      objectReference: {fileID: 11400000, guid: 41878b55eee2357479cb3ff4b5560cbe, type: 2}
    - target: {fileID: 6147297935344344493, guid: 61899a392687e3f43aff84ec03924223, type: 3}
      propertyPath: unitsForSpawning.Array.data[2]
      value: 
      objectReference: {fileID: 11400000, guid: 1b34196ea92081048932b27e0aabfb7b, type: 2}
    - target: {fileID: 6147297935344344493, guid: 61899a392687e3f43aff84ec03924223, type: 3}
      propertyPath: unitsForSpawning.Array.data[3]
      value: 
      objectReference: {fileID: 11400000, guid: 18989c74efdb50945a6400bc0236e2bd, type: 2}
    - target: {fileID: 6147297935344344493, guid: 61899a392687e3f43aff84ec03924223, type: 3}
      propertyPath: unitsForSpawning.Array.data[4]
      value: 
      objectReference: {fileID: 11400000, guid: 28a5e78f46246904ca9e9db48f1c11a1, type: 2}
    - target: {fileID: 7094179586041823861, guid: 61899a392687e3f43aff84ec03924223, type: 3}
      propertyPath: m_Pivot.x
      value: 0
      objectReference: {fileID: 0}
    - target: {fileID: 7094179586041823861, guid: 61899a392687e3f43aff84ec03924223, type: 3}
      propertyPath: m_Pivot.y
      value: 0
      objectReference: {fileID: 0}
    - target: {fileID: 7094179586041823861, guid: 61899a392687e3f43aff84ec03924223, type: 3}
      propertyPath: m_AnchorMax.x
      value: 0
      objectReference: {fileID: 0}
    - target: {fileID: 7094179586041823861, guid: 61899a392687e3f43aff84ec03924223, type: 3}
      propertyPath: m_AnchorMax.y
      value: 0
      objectReference: {fileID: 0}
    - target: {fileID: 7094179586041823861, guid: 61899a392687e3f43aff84ec03924223, type: 3}
      propertyPath: m_AnchorMin.x
      value: 0
      objectReference: {fileID: 0}
    - target: {fileID: 7094179586041823861, guid: 61899a392687e3f43aff84ec03924223, type: 3}
      propertyPath: m_AnchorMin.y
      value: 0
      objectReference: {fileID: 0}
    - target: {fileID: 7094179586041823861, guid: 61899a392687e3f43aff84ec03924223, type: 3}
      propertyPath: m_SizeDelta.x
      value: 0
      objectReference: {fileID: 0}
    - target: {fileID: 7094179586041823861, guid: 61899a392687e3f43aff84ec03924223, type: 3}
      propertyPath: m_SizeDelta.y
      value: 0
      objectReference: {fileID: 0}
    - target: {fileID: 7094179586041823861, guid: 61899a392687e3f43aff84ec03924223, type: 3}
      propertyPath: m_LocalPosition.x
      value: 0
      objectReference: {fileID: 0}
    - target: {fileID: 7094179586041823861, guid: 61899a392687e3f43aff84ec03924223, type: 3}
      propertyPath: m_LocalPosition.y
      value: 0
      objectReference: {fileID: 0}
    - target: {fileID: 7094179586041823861, guid: 61899a392687e3f43aff84ec03924223, type: 3}
      propertyPath: m_LocalPosition.z
      value: 0
      objectReference: {fileID: 0}
    - target: {fileID: 7094179586041823861, guid: 61899a392687e3f43aff84ec03924223, type: 3}
      propertyPath: m_LocalRotation.w
      value: 1
      objectReference: {fileID: 0}
    - target: {fileID: 7094179586041823861, guid: 61899a392687e3f43aff84ec03924223, type: 3}
      propertyPath: m_LocalRotation.x
      value: 0
      objectReference: {fileID: 0}
    - target: {fileID: 7094179586041823861, guid: 61899a392687e3f43aff84ec03924223, type: 3}
      propertyPath: m_LocalRotation.y
      value: 0
      objectReference: {fileID: 0}
    - target: {fileID: 7094179586041823861, guid: 61899a392687e3f43aff84ec03924223, type: 3}
      propertyPath: m_LocalRotation.z
      value: 0
      objectReference: {fileID: 0}
    - target: {fileID: 7094179586041823861, guid: 61899a392687e3f43aff84ec03924223, type: 3}
      propertyPath: m_AnchoredPosition.x
      value: 0
      objectReference: {fileID: 0}
    - target: {fileID: 7094179586041823861, guid: 61899a392687e3f43aff84ec03924223, type: 3}
      propertyPath: m_AnchoredPosition.y
      value: 0
      objectReference: {fileID: 0}
    - target: {fileID: 7094179586041823861, guid: 61899a392687e3f43aff84ec03924223, type: 3}
      propertyPath: m_LocalEulerAnglesHint.x
      value: 0
      objectReference: {fileID: 0}
    - target: {fileID: 7094179586041823861, guid: 61899a392687e3f43aff84ec03924223, type: 3}
      propertyPath: m_LocalEulerAnglesHint.y
      value: 0
      objectReference: {fileID: 0}
    - target: {fileID: 7094179586041823861, guid: 61899a392687e3f43aff84ec03924223, type: 3}
      propertyPath: m_LocalEulerAnglesHint.z
      value: 0
      objectReference: {fileID: 0}
    - target: {fileID: 8419828378469652829, guid: 61899a392687e3f43aff84ec03924223, type: 3}
      propertyPath: m_AnchorMax.x
      value: 0
      objectReference: {fileID: 0}
    - target: {fileID: 8419828378469652829, guid: 61899a392687e3f43aff84ec03924223, type: 3}
      propertyPath: m_AnchorMax.y
      value: 0
      objectReference: {fileID: 0}
    - target: {fileID: 8603767190141840961, guid: 61899a392687e3f43aff84ec03924223, type: 3}
      propertyPath: m_Material
      value: 
      objectReference: {fileID: 2022225986}
    - target: {fileID: 8997085595118161670, guid: 61899a392687e3f43aff84ec03924223, type: 3}
      propertyPath: m_AnchorMax.y
      value: 0
      objectReference: {fileID: 0}
    - target: {fileID: 8997085595118161670, guid: 61899a392687e3f43aff84ec03924223, type: 3}
      propertyPath: m_AnchorMin.y
      value: 0
      objectReference: {fileID: 0}
    - target: {fileID: 8997085595118161670, guid: 61899a392687e3f43aff84ec03924223, type: 3}
      propertyPath: m_SizeDelta.x
      value: 0
      objectReference: {fileID: 0}
    - target: {fileID: 8997085595118161670, guid: 61899a392687e3f43aff84ec03924223, type: 3}
      propertyPath: m_SizeDelta.y
      value: 0
      objectReference: {fileID: 0}
    - target: {fileID: 8997085595118161670, guid: 61899a392687e3f43aff84ec03924223, type: 3}
      propertyPath: m_AnchoredPosition.x
      value: 0
      objectReference: {fileID: 0}
    - target: {fileID: 8997085595118161670, guid: 61899a392687e3f43aff84ec03924223, type: 3}
      propertyPath: m_AnchoredPosition.y
      value: 0
      objectReference: {fileID: 0}
    - target: {fileID: 9062663554938424262, guid: 61899a392687e3f43aff84ec03924223, type: 3}
      propertyPath: m_Material
      value: 
      objectReference: {fileID: 1198100297}
    m_RemovedComponents: []
    m_RemovedGameObjects: []
    m_AddedGameObjects:
    - targetCorrespondingSourceObject: {fileID: 7094179586041823861, guid: 61899a392687e3f43aff84ec03924223, type: 3}
      insertIndex: -1
      addedObject: {fileID: 1139252705}
    m_AddedComponents:
    - targetCorrespondingSourceObject: {fileID: 7855758801259456081, guid: 61899a392687e3f43aff84ec03924223, type: 3}
      insertIndex: -1
      addedObject: {fileID: 1914828185}
    m_AddedComponents: []
  m_SourcePrefab: {fileID: 100100000, guid: 61899a392687e3f43aff84ec03924223, type: 3}
--- !u!224 &1757202506 stripped
RectTransform:
  m_CorrespondingSourceObject: {fileID: 7094179586041823861, guid: 61899a392687e3f43aff84ec03924223, type: 3}
  m_PrefabInstance: {fileID: 1757202505}
  m_PrefabAsset: {fileID: 0}
--- !u!1001 &1833489819
PrefabInstance:
  m_ObjectHideFlags: 0
  serializedVersion: 2
  m_Modification:
    serializedVersion: 3
    m_TransformParent: {fileID: 0}
    m_Modifications:
    - target: {fileID: 6053508250499209325, guid: 5bf53720581e28b4d8e5227eb387a836, type: 3}
      propertyPath: m_Name
      value: Environment
      objectReference: {fileID: 0}
    - target: {fileID: 7177276329299707334, guid: 5bf53720581e28b4d8e5227eb387a836, type: 3}
      propertyPath: m_LocalPosition.x
      value: 0
      objectReference: {fileID: 0}
    - target: {fileID: 7177276329299707334, guid: 5bf53720581e28b4d8e5227eb387a836, type: 3}
      propertyPath: m_LocalPosition.y
      value: -7.500001
      objectReference: {fileID: 0}
    - target: {fileID: 7177276329299707334, guid: 5bf53720581e28b4d8e5227eb387a836, type: 3}
      propertyPath: m_LocalPosition.z
      value: 0
      objectReference: {fileID: 0}
    - target: {fileID: 7177276329299707334, guid: 5bf53720581e28b4d8e5227eb387a836, type: 3}
      propertyPath: m_LocalRotation.w
      value: 1
      objectReference: {fileID: 0}
    - target: {fileID: 7177276329299707334, guid: 5bf53720581e28b4d8e5227eb387a836, type: 3}
      propertyPath: m_LocalRotation.x
      value: 0
      objectReference: {fileID: 0}
    - target: {fileID: 7177276329299707334, guid: 5bf53720581e28b4d8e5227eb387a836, type: 3}
      propertyPath: m_LocalRotation.y
      value: 0
      objectReference: {fileID: 0}
    - target: {fileID: 7177276329299707334, guid: 5bf53720581e28b4d8e5227eb387a836, type: 3}
      propertyPath: m_LocalRotation.z
      value: 0
      objectReference: {fileID: 0}
    - target: {fileID: 7177276329299707334, guid: 5bf53720581e28b4d8e5227eb387a836, type: 3}
      propertyPath: m_LocalEulerAnglesHint.x
      value: 0
      objectReference: {fileID: 0}
    - target: {fileID: 7177276329299707334, guid: 5bf53720581e28b4d8e5227eb387a836, type: 3}
      propertyPath: m_LocalEulerAnglesHint.y
      value: 0
      objectReference: {fileID: 0}
    - target: {fileID: 7177276329299707334, guid: 5bf53720581e28b4d8e5227eb387a836, type: 3}
      propertyPath: m_LocalEulerAnglesHint.z
      value: 0
      objectReference: {fileID: 0}
    m_RemovedComponents: []
    m_RemovedGameObjects: []
    m_AddedGameObjects: []
    m_AddedComponents: []
  m_SourcePrefab: {fileID: 100100000, guid: 5bf53720581e28b4d8e5227eb387a836, type: 3}
--- !u!21 &2022225986
Material:
  serializedVersion: 8
  m_ObjectHideFlags: 0
  m_CorrespondingSourceObject: {fileID: 0}
  m_PrefabInstance: {fileID: 0}
  m_PrefabAsset: {fileID: 0}
  m_Name: UI/RoundedCorners/RoundedCorners
  m_Shader: {fileID: 4800000, guid: 0bd2ec5d73751e34a814274a454bec41, type: 3}
  m_Parent: {fileID: 0}
  m_ModifiedSerializedProperties: 0
  m_ValidKeywords: []
  m_InvalidKeywords: []
  m_LightmapFlags: 4
  m_EnableInstancingVariants: 0
  m_DoubleSidedGI: 0
  m_CustomRenderQueue: -1
  stringTagMap: {}
  disabledShaderPasses: []
  m_LockedProperties: 
  m_SavedProperties:
    serializedVersion: 3
    m_TexEnvs:
    - _MainTex:
        m_Texture: {fileID: 0}
        m_Scale: {x: 1, y: 1}
        m_Offset: {x: 0, y: 0}
    m_Ints: []
    m_Floats:
    - _ColorMask: 15
    - _Stencil: 0
    - _StencilComp: 8
    - _StencilOp: 0
    - _StencilReadMask: 255
    - _StencilWriteMask: 255
    - _UseUIAlphaClip: 0
    m_Colors:
    - _WidthHeightRadius: {r: 40, g: 40, b: 10, a: 0}
  m_BuildTextureStacks: []
--- !u!21 &2031833071
Material:
  serializedVersion: 8
  m_ObjectHideFlags: 0
  m_CorrespondingSourceObject: {fileID: 0}
  m_PrefabInstance: {fileID: 0}
  m_PrefabAsset: {fileID: 0}
  m_Name: UI/RoundedCorners/RoundedCorners
  m_Shader: {fileID: 4800000, guid: 0bd2ec5d73751e34a814274a454bec41, type: 3}
  m_Parent: {fileID: 0}
  m_ModifiedSerializedProperties: 0
  m_ValidKeywords: []
  m_InvalidKeywords: []
  m_LightmapFlags: 4
  m_EnableInstancingVariants: 0
  m_DoubleSidedGI: 0
  m_CustomRenderQueue: -1
  stringTagMap: {}
  disabledShaderPasses: []
  m_LockedProperties: 
  m_SavedProperties:
    serializedVersion: 3
    m_TexEnvs:
    - _MainTex:
        m_Texture: {fileID: 0}
        m_Scale: {x: 1, y: 1}
        m_Offset: {x: 0, y: 0}
    m_Ints: []
    m_Floats:
    - _ColorMask: 15
    - _Stencil: 0
    - _StencilComp: 8
    - _StencilOp: 0
    - _StencilReadMask: 255
    - _StencilWriteMask: 255
    - _UseUIAlphaClip: 0
    m_Colors:
    - _WidthHeightRadius: {r: 40, g: 40, b: 10, a: 0}
  m_BuildTextureStacks: []
--- !u!1001 &455018596369201401
PrefabInstance:
  m_ObjectHideFlags: 0
  serializedVersion: 2
  m_Modification:
    serializedVersion: 3
    m_TransformParent: {fileID: 1757202506}
    m_Modifications:
    - target: {fileID: 4086611858346328442, guid: 496eaf674c97a1448af567b1df8ee05d, type: 3}
      propertyPath: m_Name
      value: SurenderPanel
      objectReference: {fileID: 0}
    - target: {fileID: 5423121464921679665, guid: 496eaf674c97a1448af567b1df8ee05d, type: 3}
      propertyPath: m_OnClick.m_PersistentCalls.m_Calls.Array.size
      value: 1
      objectReference: {fileID: 0}
    - target: {fileID: 5423121464921679665, guid: 496eaf674c97a1448af567b1df8ee05d, type: 3}
      propertyPath: m_OnClick.m_PersistentCalls.m_Calls.Array.data[0].m_Mode
      value: 1
      objectReference: {fileID: 0}
    - target: {fileID: 5423121464921679665, guid: 496eaf674c97a1448af567b1df8ee05d, type: 3}
      propertyPath: m_OnClick.m_PersistentCalls.m_Calls.Array.data[0].m_Target
      value: 
      objectReference: {fileID: 1716947473}
    - target: {fileID: 5423121464921679665, guid: 496eaf674c97a1448af567b1df8ee05d, type: 3}
      propertyPath: m_OnClick.m_PersistentCalls.m_Calls.Array.data[0].m_CallState
      value: 2
      objectReference: {fileID: 0}
    - target: {fileID: 5423121464921679665, guid: 496eaf674c97a1448af567b1df8ee05d, type: 3}
      propertyPath: m_OnClick.m_PersistentCalls.m_Calls.Array.data[0].m_MethodName
      value: Surrender
      objectReference: {fileID: 0}
    - target: {fileID: 5423121464921679665, guid: 496eaf674c97a1448af567b1df8ee05d, type: 3}
      propertyPath: m_OnClick.m_PersistentCalls.m_Calls.Array.data[0].m_TargetAssemblyTypeName
      value: SurrenderUI, Assembly-CSharp
      objectReference: {fileID: 0}
    - target: {fileID: 5423121464921679665, guid: 496eaf674c97a1448af567b1df8ee05d, type: 3}
      propertyPath: m_OnClick.m_PersistentCalls.m_Calls.Array.data[0].m_Arguments.m_ObjectArgumentAssemblyTypeName
      value: UnityEngine.Object, UnityEngine
      objectReference: {fileID: 0}
    - target: {fileID: 6132633869968333801, guid: 496eaf674c97a1448af567b1df8ee05d, type: 3}
      propertyPath: m_Pivot.x
      value: 0.5
      objectReference: {fileID: 0}
    - target: {fileID: 6132633869968333801, guid: 496eaf674c97a1448af567b1df8ee05d, type: 3}
      propertyPath: m_Pivot.y
      value: 0.5
      objectReference: {fileID: 0}
    - target: {fileID: 6132633869968333801, guid: 496eaf674c97a1448af567b1df8ee05d, type: 3}
      propertyPath: m_AnchorMax.x
      value: 1
      objectReference: {fileID: 0}
    - target: {fileID: 6132633869968333801, guid: 496eaf674c97a1448af567b1df8ee05d, type: 3}
      propertyPath: m_AnchorMax.y
      value: 1
      objectReference: {fileID: 0}
    - target: {fileID: 6132633869968333801, guid: 496eaf674c97a1448af567b1df8ee05d, type: 3}
      propertyPath: m_AnchorMin.x
      value: 0
      objectReference: {fileID: 0}
    - target: {fileID: 6132633869968333801, guid: 496eaf674c97a1448af567b1df8ee05d, type: 3}
      propertyPath: m_AnchorMin.y
      value: 0
      objectReference: {fileID: 0}
    - target: {fileID: 6132633869968333801, guid: 496eaf674c97a1448af567b1df8ee05d, type: 3}
      propertyPath: m_SizeDelta.x
      value: 100
      objectReference: {fileID: 0}
    - target: {fileID: 6132633869968333801, guid: 496eaf674c97a1448af567b1df8ee05d, type: 3}
      propertyPath: m_SizeDelta.y
      value: 188
      objectReference: {fileID: 0}
    - target: {fileID: 6132633869968333801, guid: 496eaf674c97a1448af567b1df8ee05d, type: 3}
      propertyPath: m_LocalPosition.x
      value: 0
      objectReference: {fileID: 0}
    - target: {fileID: 6132633869968333801, guid: 496eaf674c97a1448af567b1df8ee05d, type: 3}
      propertyPath: m_LocalPosition.y
      value: 0
      objectReference: {fileID: 0}
    - target: {fileID: 6132633869968333801, guid: 496eaf674c97a1448af567b1df8ee05d, type: 3}
      propertyPath: m_LocalPosition.z
      value: 0
      objectReference: {fileID: 0}
    - target: {fileID: 6132633869968333801, guid: 496eaf674c97a1448af567b1df8ee05d, type: 3}
      propertyPath: m_LocalRotation.w
      value: 1
      objectReference: {fileID: 0}
    - target: {fileID: 6132633869968333801, guid: 496eaf674c97a1448af567b1df8ee05d, type: 3}
      propertyPath: m_LocalRotation.x
      value: -0
      objectReference: {fileID: 0}
    - target: {fileID: 6132633869968333801, guid: 496eaf674c97a1448af567b1df8ee05d, type: 3}
      propertyPath: m_LocalRotation.y
      value: -0
      objectReference: {fileID: 0}
    - target: {fileID: 6132633869968333801, guid: 496eaf674c97a1448af567b1df8ee05d, type: 3}
      propertyPath: m_LocalRotation.z
      value: -0
      objectReference: {fileID: 0}
    - target: {fileID: 6132633869968333801, guid: 496eaf674c97a1448af567b1df8ee05d, type: 3}
      propertyPath: m_AnchoredPosition.x
      value: 0
      objectReference: {fileID: 0}
    - target: {fileID: 6132633869968333801, guid: 496eaf674c97a1448af567b1df8ee05d, type: 3}
      propertyPath: m_AnchoredPosition.y
      value: 56
      objectReference: {fileID: 0}
    - target: {fileID: 6132633869968333801, guid: 496eaf674c97a1448af567b1df8ee05d, type: 3}
      propertyPath: m_LocalEulerAnglesHint.x
      value: 0
      objectReference: {fileID: 0}
    - target: {fileID: 6132633869968333801, guid: 496eaf674c97a1448af567b1df8ee05d, type: 3}
      propertyPath: m_LocalEulerAnglesHint.y
      value: 0
      objectReference: {fileID: 0}
    - target: {fileID: 6132633869968333801, guid: 496eaf674c97a1448af567b1df8ee05d, type: 3}
      propertyPath: m_LocalEulerAnglesHint.z
      value: 0
      objectReference: {fileID: 0}
    - target: {fileID: 8595369537070600212, guid: 496eaf674c97a1448af567b1df8ee05d, type: 3}
      propertyPath: m_OnClick.m_PersistentCalls.m_Calls.Array.size
      value: 1
      objectReference: {fileID: 0}
    - target: {fileID: 8595369537070600212, guid: 496eaf674c97a1448af567b1df8ee05d, type: 3}
      propertyPath: m_OnClick.m_PersistentCalls.m_Calls.Array.data[0].m_Mode
      value: 1
      objectReference: {fileID: 0}
    - target: {fileID: 8595369537070600212, guid: 496eaf674c97a1448af567b1df8ee05d, type: 3}
      propertyPath: m_OnClick.m_PersistentCalls.m_Calls.Array.data[0].m_Target
      value: 
      objectReference: {fileID: 1716947473}
    - target: {fileID: 8595369537070600212, guid: 496eaf674c97a1448af567b1df8ee05d, type: 3}
      propertyPath: m_OnClick.m_PersistentCalls.m_Calls.Array.data[0].m_CallState
      value: 2
      objectReference: {fileID: 0}
    - target: {fileID: 8595369537070600212, guid: 496eaf674c97a1448af567b1df8ee05d, type: 3}
      propertyPath: m_OnClick.m_PersistentCalls.m_Calls.Array.data[0].m_MethodName
      value: NoSurrender
      objectReference: {fileID: 0}
    - target: {fileID: 8595369537070600212, guid: 496eaf674c97a1448af567b1df8ee05d, type: 3}
      propertyPath: m_OnClick.m_PersistentCalls.m_Calls.Array.data[0].m_TargetAssemblyTypeName
      value: SurrenderUI, Assembly-CSharp
      objectReference: {fileID: 0}
    - target: {fileID: 8595369537070600212, guid: 496eaf674c97a1448af567b1df8ee05d, type: 3}
      propertyPath: m_OnClick.m_PersistentCalls.m_Calls.Array.data[0].m_Arguments.m_ObjectArgumentAssemblyTypeName
      value: UnityEngine.Object, UnityEngine
      objectReference: {fileID: 0}
    m_RemovedComponents: []
    m_RemovedGameObjects: []
    m_AddedGameObjects: []
    m_AddedComponents: []
  m_SourcePrefab: {fileID: 100100000, guid: 496eaf674c97a1448af567b1df8ee05d, type: 3}
--- !u!1001 &8290318292258487971
PrefabInstance:
  m_ObjectHideFlags: 0
  serializedVersion: 2
  m_Modification:
    serializedVersion: 3
    m_TransformParent: {fileID: 0}
    m_Modifications:
    - target: {fileID: 4096627962322705587, guid: b2eb0685eb110e146804c328eb8df6d7, type: 3}
      propertyPath: m_Pivot.x
      value: 0.5
      objectReference: {fileID: 0}
    - target: {fileID: 4096627962322705587, guid: b2eb0685eb110e146804c328eb8df6d7, type: 3}
      propertyPath: m_Pivot.y
      value: 0.5
      objectReference: {fileID: 0}
    - target: {fileID: 4096627962322705587, guid: b2eb0685eb110e146804c328eb8df6d7, type: 3}
      propertyPath: m_AnchorMax.x
      value: 0.5
      objectReference: {fileID: 0}
    - target: {fileID: 4096627962322705587, guid: b2eb0685eb110e146804c328eb8df6d7, type: 3}
      propertyPath: m_AnchorMax.y
      value: 0.5
      objectReference: {fileID: 0}
    - target: {fileID: 4096627962322705587, guid: b2eb0685eb110e146804c328eb8df6d7, type: 3}
      propertyPath: m_AnchorMin.x
      value: 0.5
      objectReference: {fileID: 0}
    - target: {fileID: 4096627962322705587, guid: b2eb0685eb110e146804c328eb8df6d7, type: 3}
      propertyPath: m_AnchorMin.y
      value: 0.5
      objectReference: {fileID: 0}
    - target: {fileID: 4096627962322705587, guid: b2eb0685eb110e146804c328eb8df6d7, type: 3}
      propertyPath: m_SizeDelta.x
      value: 100
      objectReference: {fileID: 0}
    - target: {fileID: 4096627962322705587, guid: b2eb0685eb110e146804c328eb8df6d7, type: 3}
      propertyPath: m_SizeDelta.y
      value: 100
      objectReference: {fileID: 0}
    - target: {fileID: 4096627962322705587, guid: b2eb0685eb110e146804c328eb8df6d7, type: 3}
      propertyPath: m_LocalPosition.x
      value: 0
      objectReference: {fileID: 0}
    - target: {fileID: 4096627962322705587, guid: b2eb0685eb110e146804c328eb8df6d7, type: 3}
      propertyPath: m_LocalPosition.y
      value: 0
      objectReference: {fileID: 0}
    - target: {fileID: 4096627962322705587, guid: b2eb0685eb110e146804c328eb8df6d7, type: 3}
      propertyPath: m_LocalPosition.z
      value: 0
      objectReference: {fileID: 0}
    - target: {fileID: 4096627962322705587, guid: b2eb0685eb110e146804c328eb8df6d7, type: 3}
      propertyPath: m_LocalRotation.w
      value: 1
      objectReference: {fileID: 0}
    - target: {fileID: 4096627962322705587, guid: b2eb0685eb110e146804c328eb8df6d7, type: 3}
      propertyPath: m_LocalRotation.x
      value: 0
      objectReference: {fileID: 0}
    - target: {fileID: 4096627962322705587, guid: b2eb0685eb110e146804c328eb8df6d7, type: 3}
      propertyPath: m_LocalRotation.y
      value: 0
      objectReference: {fileID: 0}
    - target: {fileID: 4096627962322705587, guid: b2eb0685eb110e146804c328eb8df6d7, type: 3}
      propertyPath: m_LocalRotation.z
      value: 0
      objectReference: {fileID: 0}
    - target: {fileID: 4096627962322705587, guid: b2eb0685eb110e146804c328eb8df6d7, type: 3}
      propertyPath: m_AnchoredPosition.x
      value: 0
      objectReference: {fileID: 0}
    - target: {fileID: 4096627962322705587, guid: b2eb0685eb110e146804c328eb8df6d7, type: 3}
      propertyPath: m_AnchoredPosition.y
      value: 0
      objectReference: {fileID: 0}
    - target: {fileID: 4096627962322705587, guid: b2eb0685eb110e146804c328eb8df6d7, type: 3}
      propertyPath: m_LocalEulerAnglesHint.x
      value: 0
      objectReference: {fileID: 0}
    - target: {fileID: 4096627962322705587, guid: b2eb0685eb110e146804c328eb8df6d7, type: 3}
      propertyPath: m_LocalEulerAnglesHint.y
      value: 0
      objectReference: {fileID: 0}
    - target: {fileID: 4096627962322705587, guid: b2eb0685eb110e146804c328eb8df6d7, type: 3}
      propertyPath: m_LocalEulerAnglesHint.z
      value: 0
      objectReference: {fileID: 0}
    - target: {fileID: 5400324761426781856, guid: b2eb0685eb110e146804c328eb8df6d7, type: 3}
      propertyPath: SurrenderPanel
      value: 
      objectReference: {fileID: 1139252704}
    - target: {fileID: 5400324761426781856, guid: b2eb0685eb110e146804c328eb8df6d7, type: 3}
      propertyPath: towerHealComponents.Array.data[0]
      value: 
      objectReference: {fileID: 1234502042}
    - target: {fileID: 5400324761426781856, guid: b2eb0685eb110e146804c328eb8df6d7, type: 3}
      propertyPath: towerHealComponents.Array.data[1]
      value: 
      objectReference: {fileID: 1476167705}
    - target: {fileID: 8092884826342393876, guid: b2eb0685eb110e146804c328eb8df6d7, type: 3}
      propertyPath: m_Name
      value: SurrenderManager
      objectReference: {fileID: 0}
    m_RemovedComponents: []
    m_RemovedGameObjects: []
    m_AddedGameObjects: []
    m_AddedComponents: []
  m_SourcePrefab: {fileID: 100100000, guid: b2eb0685eb110e146804c328eb8df6d7, type: 3}
--- !u!1660057539 &9223372036854775807
SceneRoots:
  m_ObjectHideFlags: 0
  m_Roots:
  - {fileID: 1102750088}
  - {fileID: 1833489819}
  - {fileID: 1005640604}
  - {fileID: 1757202505}
  - {fileID: 1490286272}
  - {fileID: 1140013473}
  - {fileID: 822623710}
  - {fileID: 684050102}
  - {fileID: 1023826486}
  - {fileID: 8290318292258487971}
